@online{forbes,
    title = "How To Apply Anomaly Detection And Reap These Three Benefits",
    url  = "https://www.forbes.com/sites/forbesagencycouncil/2020/02/03/how-to-apply-anomaly-detection-and-reap-these-three-benefits/#5a289a5114bf",
    keywords = "forbes",
    note = {visited on 27-01-2021},
}

@online{terremotos-granada,
    title = "La noche de los 40 terremotos en Granada",
    url  = "https://elpais.com/espana/2021-01-27/la-noche-de-los-40-terremotos-en-granada-ibamos-buscando-espacios-sin-arboles-ni-edificios.html",
    keywords = "terremotos",
    note = {visited on27-01-2021}
}

@online{reddit-gamestop,
    title = "Reddit group blew up GameStop stock",
    url  = "https://edition.cnn.com/2021/01/27/investing/gamestop-reddit-stock/index.html",
    keywords = "reddit",
    note = {visited on 27-01-2021}
}

@online{call,
    title = "Reddit user",
    url  = "https://www.reddit.com/r/wallstreetbets/comments/l5nphz/gme_yolo_update_jan_26_2021/",
    keywords = "reddit",
    note = {visited on 26-01-2021}
}

@online{pandas-datareader,
    title = "Pandas Datareader",
    url  = "https://pandas-datareader.readthedocs.io/en/latest/",
    keywords = "pandas-datareader",
    note = {visited on 27-01-2021}
}

@online{pictoline,
    title = "Reddit Pictoline",
    url  = "https://www.pictoline.com/timeline/2021/01/28/15hrs26min02sec",
    keywords = "pictoline",
    note = {visited on 28-01-2021}
}


@online{pyod,
    title = "PyOD",
    url  = "https://github.com/yzhao062/pyod/",
    keywords = "pyod",
    note = {visited on 27-01-2021}
}

@online{sklearn,
    title = "Scikit-Learn Outlier Detection",
    url  = "https://scikit-learn.org/stable/modules/outlier_detection.html",
    keywords = "pyod",
    note = {visited on 27-01-2021}
}

@online{lista,
    title = "PyOD models",
    url  = "https://github.com/yzhao062/pyod#implemented-algorithms",
    keywords = "pyod",
    note = {visited on 28-01-2021}
}

@online{pyod-comparison,
    title = "Comparison alghoritms",
    url  = "https://github.com/yzhao062/pyod/blob/master/notebooks/Compare%20All%20Models.ipynb",
    keywords = "pyod",
    note = {visited on 29-01-2021}
}

@online{stock-market-anomalies,
    title = "Stock market anomalies",
    url  = "https://towardsdatascience.com/stock-market-anomalies-and-stock-market-anomaly-detection-are-two-different-things-624331c7b65a",
    keywords = "stock",
    note = {visited on 29-01-2021}
}

@online{nn,
    title = "NN in finances",
    url  = "https://medium.com/analytics-vidhya/introduction-to-neural-networks-for-finance-6abd5675e497",
    keywords = "nn",
    note = {visited on 29-01-2021}
}

@online{crack,
    title = "Can an artificial intelligence learn to beat the stock market?",
    url  = "https://www.fastcompany.com/90502428/artificial-intelligence-beat-the-stock-market",
    keywords = "learn",
    note = {visited on 29-01-2021}
}

@online{predict-market,
    title = "Predicting the Stock Market is Hard",
    url  = "https://towardsdatascience.com/predicting-the-stock-market-is-hard-creating-a-machine-learning-model-probably-wont-help-e449039c9fe3",
    keywords = "predict",
    note = {visited on 29-01-2021}
}


